<?xml version="1.0" encoding="UTF-8"?>
<record xmlns="http://www.loc.gov/MARC21/slim" xmlns:xsi="http://www.w3.org/2001/XMLSchema-instance" xsi:schemaLocation="http://www.loc.gov/MARC21/slim http://www.loc.gov/standards/marcxml/schema/MARC21slim.xsd">
<leader>00000cam a22      a 4500</leader>
<controlfield tag="001">002928286</controlfield>
<controlfield tag="003">NNU</controlfield>
<controlfield tag="005">20150622180108.0</controlfield>
<controlfield tag="008">920629s195u    ua            000 0 ara d</controlfield>
<datafield tag="010" ind1=" " ind2=" ">
<subfield code="a">   80960182</subfield>
</datafield>
<datafield tag="035" ind1=" " ind2=" ">
<subfield code="a">(OCoLC)29437977</subfield>
</datafield>
<datafield tag="040" ind1=" " ind2=" ">
<subfield code="a">PAU</subfield>
<subfield code="b">eng</subfield>
<subfield code="c">PAU</subfield>
<subfield code="d">OCL</subfield>
<subfield code="d">DLC</subfield>
<subfield code="d">OCLCG</subfield>
<subfield code="d">YUS</subfield>
<subfield code="d">OCLCA</subfield>
<subfield code="d">OCLCQ</subfield>
<subfield code="d">OCLCO</subfield>
<subfield code="d">OCLCF</subfield>
<subfield code="d">OCLCO</subfield>
<subfield code="d">NNU</subfield>
</datafield>
<datafield tag="050" ind1=" " ind2="4">
<subfield code="a">BP166.4</subfield>
<subfield code="b">T5 1950z</subfield>
</datafield>
<datafield tag="100" ind1="1" ind2=" ">
<subfield code="6">880-01</subfield>
<subfield code="a">Thaʻlabī, Aḥmad ibn Muḥammad,</subfield>
<subfield code="d">-1035.</subfield>
</datafield>
<datafield tag="240" ind1="1" ind2="0">
<subfield code="6">880-02</subfield>
<subfield code="a">ʻArāʼis al-majlis</subfield>
</datafield>
<datafield tag="245" ind1="1" ind2="0">
<subfield code="6">880-03</subfield>
<subfield code="a">Qiṣaṣ al-anbiyāʼ :</subfield>
<subfield code="b">al-musammá bi-al-ʻArāʼis /</subfield>
<subfield code="c">taʼlīf Ibn Isḥāq Aḥmad ibn Muḥammad Ibrāhīm al-Thaʻlabī ; (wa-bi-ḥāmishihi kitāb Rawḍ al-rayāḥīn fī ḥikāyāt al-ṣāliḥīn) ; lil-ʻallāmah al-Yāfiʻī.</subfield>
</datafield>
<datafield tag="246" ind1="3" ind2=" ">
<subfield code="6">880-04</subfield>
<subfield code="a">ʻArāʼis</subfield>
</datafield>
<datafield tag="260" ind1=" " ind2=" ">
<subfield code="6">880-05</subfield>
<subfield code="a">Miṣr :</subfield>
<subfield code="b">Maktabat al-Jumhūrīyah al-ʻArabīyah,</subfield>
<subfield code="c">[195-?]</subfield>
</datafield>
<datafield tag="300" ind1=" " ind2=" ">
<subfield code="a">256 pages ;</subfield>
<subfield code="c">29 cm</subfield>
</datafield>
<datafield tag="336" ind1=" " ind2=" ">
<subfield code="a">text</subfield>
<subfield code="b">txt</subfield>
<subfield code="2">rdacontent</subfield>
</datafield>
<datafield tag="337" ind1=" " ind2=" ">
<subfield code="a">unmediated</subfield>
<subfield code="b">n</subfield>
<subfield code="2">rdamedia</subfield>
</datafield>
<datafield tag="338" ind1=" " ind2=" ">
<subfield code="a">volume</subfield>
<subfield code="b">nc</subfield>
<subfield code="2">rdacarrier</subfield>
</datafield>
<datafield tag="650" ind1=" " ind2="0">
<subfield code="a">Prophets, Pre-Islamic</subfield>
<subfield code="v">Early works to 1800.</subfield>
</datafield>
<datafield tag="650" ind1=" " ind2="0">
<subfield code="a">Muslim saints</subfield>
<subfield code="v">Early works to 1800.</subfield>
</datafield>
<datafield tag="650" ind1=" " ind2="7">
<subfield code="a">Muslim saints.</subfield>
<subfield code="2">fast</subfield>
<subfield code="0">(OCoLC)fst01030977</subfield>
</datafield>
<datafield tag="650" ind1=" " ind2="7">
<subfield code="a">Prophets, Pre-Islamic.</subfield>
<subfield code="2">fast</subfield>
<subfield code="0">(OCoLC)fst01079226</subfield>
</datafield>
<datafield tag="655" ind1=" " ind2="7">
<subfield code="a">Early works.</subfield>
<subfield code="2">fast</subfield>
<subfield code="0">(OCoLC)fst01411636</subfield>
</datafield>
<datafield tag="700" ind1="1" ind2="2">
<subfield code="6">880-06</subfield>
<subfield code="a">Yāfiʻī, ʻAbd Allāh ibn Asʻad,</subfield>
<subfield code="d">-1367.</subfield>
<subfield code="t">Rawḍ al-rayāḥīn fī ḥikāyāt al-ṣāliḥīn.</subfield>
</datafield>
<datafield tag="880" ind1="1" ind2=" ">
<subfield code="6">100-01/</subfield>
<subfield code="a">ثعلبي، أحمد بن محمد،</subfield>
<subfield code="d">-1035.</subfield>
</datafield>
<datafield tag="880" ind1="1" ind2="0">
<subfield code="6">240-02/</subfield>
<subfield code="a">عرائس المجلس</subfield>
</datafield>
<datafield tag="880" ind1="1" ind2="0">
<subfield code="6">245-03/</subfield>
<subfield code="a">قصص الأنبياء :</subfield>
<subfield code="b">المسمى بالعرائس /</subfield>
<subfield code="c">تأليف أبي اسحاق أحمد بن محمد بن إبراهيم النيسابوري الثعلبي. وبهامشه كتاب روض الرياحين في حكايات الصالحين / للعلامة اليافعي.</subfield>
</datafield>
<datafield tag="880" ind1="3" ind2=" ">
<subfield code="6">246-04/</subfield>
<subfield code="a">عرائس</subfield>
</datafield>
<datafield tag="880" ind1=" " ind2=" ">
<subfield code="6">260-05/</subfield>
<subfield code="a">مصر :</subfield>
<subfield code="b">مكتبة الجمهورية العربية،</subfield>
<subfield code="c">[195-?]</subfield>
</datafield>
<datafield tag="880" ind1="1" ind2="2">
<subfield code="6">700-06/</subfield>
<subfield code="a">يافعي، عبد الله بن أسعد،</subfield>
<subfield code="d">-1367.</subfield>
<subfield code="t">روض الرياحين في مناقب الصالحين.</subfield>
</datafield>
<datafield tag="OWN" ind1=" " ind2=" ">
<subfield code="a">GENERAL</subfield>
</datafield>
<datafield tag="AVA" ind1=" " ind2=" ">
<subfield code="a">NYU50</subfield>
<subfield code="b">BOBST</subfield>
<subfield code="c">Main Collection</subfield>
<subfield code="d">BP166.4 .T5 1950z</subfield>
<subfield code="e">unavailable</subfield>
<subfield code="t">Unavailable</subfield>
<subfield code="f">1</subfield>
<subfield code="g">1</subfield>
<subfield code="h">N</subfield>
<subfield code="i">0</subfield>
<subfield code="j">MAIN</subfield>
<subfield code="k">0</subfield>
</datafield>
</record>
